-- Referência a artigos
@article{COMPaaS,
	author  = "Albernaz, Leonardo Amaral and Tiburski, Ramão Tiago and de Matos, Everton and Hessel, Fabiano",
	title   = "Cooperative Middleware Platform as a Service for Internet of Things Applications",
	journal = "ACM",
	numpages = {6},
	year    = "2015"
}

@ARTICLE {kevinashton2009,
	author  = "Kevin Ashton",
	title   = "That 'Internet of Things' Thing",
	journal = "RFiD Journal",
	year    = "2009"
}

@misc{mbed,
	title = {mbed},
	howpublished = {\url{http://mbed.com}},
	note = {Acessado: 04/04/2015}
}

@misc{flowcloud,
	title = {FlowCloud},
	howpublished = {\url{http://www.imgtec.com/flowcloud/}},
	note = {Acessado: 05/04/2015}
}

@misc{arrayent,
	title = {Arrayent},
	howpublished = {\url{www.arrayent.com}},
	note = {Acessado: 05/04/2015}
}

@article{Harel:1987:SVF:34884.34886,
	author = {Harel, David},
	title = {Statecharts:  A Visual Formalism for Complex Systems},
	journal = {Sci. Comput. Program.},
	issue_date = {June 1, 1987},
	volume = {8},
	number = {3},
	month = jun,
	year = {1987},
	issn = {0167-6423},
	pages = {231--274},
	numpages = {44},
	url = {http://dx.doi.org/10.1016/0167-6423(87)90035-9},
	doi = {10.1016/0167-6423(87)90035-9},
	acmid = {34886},
	publisher = {Elsevier North-Holland, Inc.},
	address = {Amsterdam, The Netherlands, The Netherlands},
}


-- Referência a livros
@book{SundmaekerGuilleminEtAl2010,
	abstract = {The Cluster of European Research projects on the Internet of Things (CERP-IoT) comprises around 30 major research initiatives, platforms and networks working in the field of identification technologies such as Radio Frequency Identification and in what could become tomorrow an Internet-connected and inter-connected world of objects. The Clusterbook reports about the research and innovation issues at stake and demonstrates approaches and examples of possible solutions.},
	added-at = {2014-12-13T10:10:50.000+0100},
	address = {Luxembourg},
	biburl = {http://www.bibsonomy.org/bibtex/26ccad87fb37f221a323fb444ece11ae6/flint63},
	doi = {10.2759/26127},
	editor = {Sundmaeker, Harald and Guillemin, Patrick and Friess, Peter and Woelffl\'{e}, Sylvie},
	file = {EU Bookshop:2010/SundmaekerGuilleminEtAl2010.pdf:PDF;Related Web Site:http\://www.internet-of-things-research.eu/:URL},
	groups = {public},
	interhash = {4c753a77bbb0fb4b49f7a53009e7a46f},
	intrahash = {6ccad87fb37f221a323fb444ece11ae6},
	isbn = {978-92-79-15088-3},
	keywords = {v1500 book embedded ai network middleware zzz.iot},
	publisher = {Publications Office of the European Union},
	timestamp = {2015-03-11T14:50:12.000+0100},
	title = {Vision and Challenges for Realising the Internet of Things},
	username = {flint63},
	year = 2010
}


@book{books/daglib/0003970,
	added-at = {2013-12-03T00:00:00.000+0100},
	author = {Best, Eike and Devillers, Raymond R. and Koutny, Maciej},
	biburl = {http://www.bibsonomy.org/bibtex/28604b0030e4551ac7a5346c81ff8fbeb/dblp},
	ee = {http://dx.doi.org/10.1007/978-3-662-04457-5},
	interhash = {c9e61eebc5a771ced6015c62ff8417c8},
	intrahash = {8604b0030e4551ac7a5346c81ff8fbeb},
	isbn = {978-3-662-04457-5},
	keywords = {dblp},
	pages = {I-XI, 1-378},
	publisher = {Springer},
	series = {Monographs in Theoretical Computer Science. An EATCS Series},
	timestamp = {2013-12-03T00:00:00.000+0100},
	title = {Petri net algebra.},
	url = {http://dx.doi.org/10.1007/978-3-662-04457-5},
	year = 2001
}

-- Exemplo de referência a um capítulo de livro
@inbook{SKIENAC698,
	address={New York, NY, USA},
	author={Steven S. Skiena},
	publisher={Springer-Verlag New York, Inc.},
	title={The algorithm design manual},
	year={1998},
	chapter={6},
	pages={139--161}
}


-- Exemplo de referência a uma parte de livro com título e autores próprios
@incollection{BENTLEYBC07,
	author={Jon Bentley},
	title={The Most Beautiful Code {I} Never Wrote},
	booktitle={Beautiful Code: Leading Programmers Explain How They Think},
	editor={Andy Oram and Greg Wilson},
	chapter={3},
	publisher={O'Reilly \& Associates, Inc.},
	address={Sebastopol, CA},
	year={2007},
	pages={29--40},
	numpages={618}
}

-- Exemplos de referência para artigos em conferências
@inproceedings{Lowe:1996:BFN:646480.693776,
	author = {Lowe, Gavin},
	title = {Breaking and Fixing the Needham-Schroeder Public-Key Protocol Using FDR},
	booktitle = {Proceedings of the Second International Workshop on Tools and Algorithms for Construction and Analysis of Systems},
	series = {TACAs '96},
	year = {1996},
	isbn = {3-540-61042-1},
	pages = {147--166},
	numpages = {20},
	url = {http://dl.acm.org/citation.cfm?id=646480.693776},
	acmid = {693776},
	publisher = {Springer-Verlag},
	address = {London, UK, UK},
}

-- Exemplo de referência para dissertações de mestrado
@mastersthesis{PICCOLIDM08,
	address={Porto Alegre, RS, Brasil},
	author={Ricardo Farias Bidart Piccoli},
	numpages={104},
	school={Faculdade de Inform\'{a}tica -- PUCRS},
	title={Um algoritmo determin\'{i}stico para adapta\c{c}\~{a}o autom\'{a}tica de documentos de conte\'{u}do vari\'{a}vel},
	year={2008},
	url={http://tede.pucrs.br/tde_busca/arquivo.php?codArquivo=2593}
}

-- Exemplo de referência para teses de doutorado
@phdthesis{PLASSPAG81,
	address={Stanford, CA, USA},
	author={Michael Frederick Plass},
	numpages={80},
	school={Stanford University},
	title={Optimal pagination techniques for automatic typesetting systems},
	year={1981},
}

-- Exemplo de technical report
@techreport{XIAOAPL05,
	address={Palo Alto, CA, USA},
	author={Xiaofan Lin},
	institution={Hewlett \& Packard Laboratories},
	numpages={33},
	title={Active Layout Engine: Algorithms and Applications in Variable Data Printing},
	url={http://www.hpl.hp.com/techreports/2005/HPL-2005-6R1.html},
	year={2005},
}

-- Exemplos de referências a sites da Internet
@misc{COFFMANPACKING98,
	author={E. Coffman and J. Galambos and S. Martello and D. Vigo},
	title={Bin packing approximation algorithms: Combinatorial Analysis},
	url={http://citeseer.ist.psu.edu/coffman98bin.html},
	urlaccessdate={Dez. 2007},
	year={1998}
}
@misc{WIKIPIC09,
	author={Wikipedia},
	title={Wikipedia:Featured pictures --- {W}ikipedia{,} The Free Encyclopedia},
	month={Nov},
	url={http://en.wikipedia.org/wiki/Featured_pictures},
	year={2009},
}
